// SETOR DE FACTO
@inproceedings{beltrao2020,
  author = {BELTRÃO, Alessandro and FARZAT, Fábio and TRAVASSOS, Guilherme },
  title = { Technical Debt: A Clean Architecture Implementation},
  booktitle = {Anais Estendidos do XI Congresso Brasileiro de Software: Teoria e Prática},
  location = {Evento Online},
  year = {2020},
  keywords = {},
  issn = {0000-0000},
  pages = {131--134},
  publisher = {SBC},
  address = {Porto Alegre, RS, Brasil},
  doi = {10.5753/cbsoft_estendido.2020.14620},
  url = {https://sol.sbc.org.br/index.php/cbsoft_estendido/article/view/14620}
}

@book{10.5555/3175742,
  author = {MARTIN, Robert C.},
  title = {Clean Architecture: A Craftsman's Guide to Software Structure and Design},
  year = {2017},
  isbn = {0134494164},
  publisher = {Prentice Hall Press},
  address = {USA},
  edition = {1st},
  abstract = {Practical Software Architecture Solutions from the Legendary Robert C. Martin (Uncle Bob) By applying universal rules of software architecture, you can dramatically improve developer productivity throughout the life of any software system. Now, building upon the success of his best-selling books Clean Code and The Clean Coder, legendary software craftsman Robert C. Martin (Uncle Bob) reveals those rules and helps you apply them. Martins Clean Architecture doesnt merely present options. Drawing on over a half-century of experience in software environments of every imaginable type, Martin tells you what choices to make and why they are critical to your success. As youve come to expect from Uncle Bob, this book is packed with direct, no-nonsense solutions for the real challenges youll facethe ones that will make or break your projects. Learn what software architects need to achieveand core disciplines and practices for achieving it Master essential software design principles for addressing function, component separation, and data management See how programming paradigms impose discipline by restricting what developers can do Understand whats critically important and whats merely a detail Implement optimal, high-level structures for web, database, thick-client, console, and embedded applications Define appropriate boundaries and layers, and organize components and services See why designs and architectures go wrong, and how to prevent (or fix) these failures Clean Architecture is essential reading for every current or aspiring software architect, systems analyst, system designer, and software managerand for every programmer who must execute someone elses designs. Register your product at informit.com/register for convenient access to downloads, updates, and/or corrections as they become available.}
}

@book{IEEEGlossary,
  author = {IEEE, Standard Glossary and all},
  title = {IEEE Standard Glosary of Software Engineering Terminology},
  edition = {Std 610.12-1990},
  publisher = {Secretary, IEEE Standard Board},
  address = {New York, NY, USA},
  year = {1990},
  isbn = {155937067X}
}

@online{abes2025,
  author = {ABES, Associacao Brasileira das Empresas de Software},
  organization = {ABES},
  title = {Brasil acelera crescimento no setor de TI, mantém posição no Top 10 global e se destaca na América Latina, aponta novo estudo da ABES},
  url = {https://abes.com.br/brasil-acelera-crescimento-no-setor-de-ti-mantem-posicao-no-top-10-global-e-se-destaca-na-america-latina-aponta-novo-estudo-da-abes/},
  urlaccessdate = {\today},
  year = {2025}
}

@article{vieira2024impactos,
  title={Impactos da pandemia de covid-19 na interação dos usuários com TI},
  author={VIEIRA, Gabriel Gomes and FERNANDES, Stefanie Cristina},
  year={2024},
  publisher={275}
}

@online{cnn2024,
  author = {MARZOLLA, Isabella},
  organization = {CNN},
  title = {"profissão do futuro", setor de tecnologia enfrenta crise com profissionais sobrecarregados e empresas insatisfeitas},
  url = {https://www.cnnbrasil.com.br/economia/macroeconomia/profissao-do-futuro-setor-de-tecnologia-enfrenta-crise-com-profissionais-sobrecarregados-e-empresas-insatisfeitas/},
  urlaccessdate = {\today},
  year = {2024}
}

@online{carreira2023,
  author = {CARREIRA, a bolha de TI explodiu ?},
  organization = {Carreira},
  title = { Demissões em massa: a bolha de TI explodiu ? },
  url = {https://carreira.com.br/demissoes-em-massa-e-a-bolha-de-ti/},
  urlaccessdate = {\today},
  year = {2023}
}

@article{baptista2023ia,
    author = {BAPTISTA, joão Felipe Sacramento and BAPTISTA, Matheus Rodrigues do Sacramento},
    title = {O que a ia pode fazer para auxiliar os programadores ?},
    journal = {Nome do Periódico},
    year = {2023},
}

// SETOR DEMONSTRATIVO

@online{latex1995,
    author = {Frank Mittelbach},
    organization = {LaTeX project team},
    title = {Introduction to LaTeX},
    url = {https://www.latex-project.org/about/},
    urlaccessdate = {\today},
    year = {1985}
}

@article{artigo_periodico,
    author = {Autor Sobrenome, Nome},
    title = {Título do Artigo},
    journal = {Nome do Periódico},
    year = {2023},
    volume = {X},
    number = {Y},
    pages = {XX-YY},
    doi = {DOI}
}

@book{livro,
    author = {Autor Sobrenome, Nome},
    title = {Título do Livro},
    edition = {Edição},
    publisher = {Editora},
    address = {Local de Publicação},
    year = {2023},
    isbn = {ISBN}
}

@incollection{capitulo_livro,
    author = {Autor Sobrenome, Nome},
    title = {Título do Capítulo},
    booktitle = {Título do Livro},
    editor = {Editor do Livro},
    publisher = {Editora},
    address = {Local de Publicação},
    year = {2023},
    pages = {XX-YY},
    isbn = {ISBN}
}


@inproceedings{trabalho_conferencia,
    author = {Autor Sobrenome, Nome},
    title = {Título do Trabalho},
    booktitle = {Nome da Conferência},
    year = {2023},
    pages = {XX-YY},
    doi = {DOI}
}

@thesis{tese,
    author = {Autor Sobrenome, Nome},
    title = {Título da Tese/Dissertação},
    type = {Tese ou Dissertação},
    institution = {Instituição},
    address = {Local},
    year = {2023}
}

@misc{algoritmo,
  author = {Autor(es) do Algoritmo},
  title = {Título do Algoritmo},
  year = {Ano de Criação},
  howpublished = {Descrição do local de publicação, como um site, livro, etc.},
}

@movie{filme,
  title = {Titulo do Filme},
  director = {Diretor do Filme},
  year = {Ano de Lançamento},
  publisher = {Estúdio de Produção},
  address = {Cidade onde foi produzido},
}

@online{video,
  author = {Autor(es) do Vídeo, se disponível},
  title = {Título do Vídeo},
  year = {Ano de Publicação},
  url = {URL do Video},
  urldate = {Data de Acesso ao Vídeo},
}
